% Ref types
% http://newton.ex.ac.uk/tex/pack/bibtex/btxdoc/node6.html

@online{WEB:Cheng:2017,
	Author = {Evelyn Cheng},
	Title = {Just 10\% of trading is regular stock picking, JPMorgan estimates},
	Url = {https://www.cnbc.com/2017/06/13/death-of-the-human-investor-just-10-percent-of-trading-is-regular-stock-picking-jpmorgan-estimates.html},
	Urldate = {2018-10-09},
	Year = {2017}}
	
@online{WEB:BINANCE_API:2018,
	Author = {Binance Exchange},
	Title = {binance-official-api-docs},
	Url = {https://github.com/binance-exchange/binance-official-api-docs},
	Urldate = {2018-10-21},
	Year = {2018}}
	
@online{WEB:PISANI:2010,
	Author = {Bob Pisani},
	Title = {Man Vs. Machine: How Stock Trading Got So Complex},
	Url = {https://www.cnbc.com/id/38978686},
	Urldate = {2018-10-22},
	Year = {2010}}
	
@online{WEB:SETH:0001,
	Author = {Shobhit Seth},
	Title = {Basics of algorithmic trading: Concepts and examples},
	Url = {https://www.investopedia.com/articles/active-trading/101014/basics-algorithmic-trading-concepts-and-examples.asp},
	Urldate = {2018-10-22}}
	
@techreport{REPORT:ChordiaEtAl:2013,
	Author = {Tarun Chordia and Amit Goyal and Bruce N. Lehmann and Gibeon Saar},
	Title = {High-Frequency Trading},
	Institution = {Johnson Cornell University},
	Year = {2013},
	month = {June},
	type = {Johnson School Research Paper},
	number = {20-2013}}

@online{WEB:Levine:2018,
	Author = {Matt Levine},
	Title = {Just 10\% of trading is regular stock picking, JPMorgan estimates},
	Url = {https://www.bloomberg.com/view/articles/2018-05-16/high-frequency-trading-for-bitcoins},
	Urldate = {2018-10-23},
	Year = {2018}}
	
@online{WEB:Bajpai:0001,
    Author = {Prableen Bajpai},
	Title = {Is Liquidity Improved By High Frequency Trading (HFT)?},
	Url = {https://www.investopedia.com/articles/active-trading/050515/liquidity-improved-high-frequency-trading-hft.asp},
	Urldate = {2018-10-23}}
	

	